<?xml version="1.0" encoding="UTF-8"?><collection xmlns="http://www.loc.gov/MARC21/slim"><record><leader>00359nam--2200133-i-4500</leader><controlfield tag="001">000049986</controlfield><controlfield tag="002">20161230</controlfield><controlfield tag="005">20161230201047</controlfield><controlfield tag="008">060222s1000------------r-----000-0-eng-d</controlfield><datafield ind1=" " ind2=" " tag="080"><subfield code="a">537.222.22:538.915</subfield></datafield><datafield ind1=" " ind2=" " tag="100"><subfield code="a">Ashche, M</subfield></datafield><datafield ind1=" " ind2=" " tag="245"><subfield code="a">Goriachie elektrony v mnogodolinyh poluprovodnikah</subfield></datafield><datafield ind1=" " ind2=" " tag="260"><subfield code="a">Kiev, Izdatelstvo Naukova Dumka, 1982, 328s</subfield></datafield><datafield ind1=" " ind2=" " tag="852"><subfield code="a">71644</subfield></datafield></record></collection>